<record xmlns="http://www.loc.gov/MARC21/slim" xmlns:xsi="http://www.w3.org/2001/XMLSchema-instance" xsi:schemaLocation="http://www.loc.gov/MARC21/slim http://www.loc.gov/standards/marcxml/schema/MARC21slim.xsd"><leader>00794cz   2200217n  4500</leader><controlfield tag="001">oca00340295 </controlfield><controlfield tag="005">20001201174407.0</controlfield><controlfield tag="008">800623n| acannaab           |a aaa      </controlfield><datafield ind1=" " ind2=" " tag="010"><subfield code="a">n  79108364 </subfield></datafield><datafield ind1=" " ind2=" " tag="040"><subfield code="a">DLC</subfield><subfield code="c">DLC</subfield><subfield code="d">DLC</subfield><subfield code="d">NjP</subfield><subfield code="d">DLC</subfield></datafield><datafield ind1="0" ind2=" " tag="100"><subfield code="a">Theophrastus</subfield></datafield><datafield ind1="0" ind2=" " tag="400"><subfield code="a">Feofrast</subfield></datafield><datafield ind1="0" ind2=" " tag="400"><subfield code="a">Theophrast</subfield></datafield><datafield ind1="0" ind2=" " tag="400"><subfield code="a">TheÌ&#x81;ophraste</subfield></datafield><datafield ind1="0" ind2=" " tag="400"><subfield code="a">Theophrastos</subfield></datafield><datafield ind1="0" ind2=" " tag="400"><subfield code="a">Teofrasto</subfield></datafield><datafield ind1=" " ind2=" " tag="670"><subfield code="a">His Enquiry into plants ... 1916.</subfield></datafield><datafield ind1=" " ind2=" " tag="670"><subfield code="a">Kapsalis, G. D. Die Typik der Situationen in den Charakteren Theophrasts und ihre Rezeption in der neugriechischen Literatur, 1982:</subfield><subfield code="b">t.p. (Theophrasts)</subfield></datafield><datafield ind1=" " ind2=" " tag="670"><subfield code="a">Bochenski, J. La logique de TheÌ&#x81;ophraste, 1987:</subfield><subfield code="b">CIP t.p. (TheÌ&#x81;ophraste)</subfield></datafield><datafield ind1=" " ind2=" " tag="670"><subfield code="a">MegaleÌ&#x84; HellenikeÌ&#x84; enkykl.</subfield><subfield code="b">(Theophrastos)</subfield></datafield><datafield ind1=" " ind2=" " tag="670"><subfield code="a">His Caratteri, c1989:</subfield><subfield code="b">t.p. (Teofrasto)</subfield></datafield></record>